@article{knuth84,
  author = {Knuth, Donald E.},
  title = {Literate Programming},
  year = {1984},
  issue_date = {May 1984},
  publisher = {Oxford University Press, Inc.},
  address = {USA},
  volume = {27},
  number = {2},
  issn = {0010-4620},
  url = {https://doi.org/10.1093/comjnl/27.2.97},
  doi = {10.1093/comjnl/27.2.97},
  journal = {Comput. J.},
  month = may,
  pages = {97-111},
  numpages = {15}
}

@unpublished{bell-no-date,
	author = {John Bell},
	title = {An Invitation to Smooth Infinitesimal Analysis}
}

@book{bell98,
	year = {1998},
	title = {A Primer of Infinitesimal Analysis},
	author = {John L. Bell},
	publisher = {Cambridge University Press}
}

@book{nocedal-no-date,
	author = {family=Nocedal and family=Wright},
	booktitle = {Numerical Optimization},
	edition = {},
	publisher = {},
	title = {{Chapter 8}},
	url = {},
}

@book{griewank08,
author = {Griewank, Andreas and Walther, Andrea},
title = {Evaluating Derivatives},
publisher = {Society for Industrial and Applied Mathematics},
year = {2008},
doi = {10.1137/1.9780898717761},
address = {},
edition   = {Second},
URL = {https://epubs.siam.org/doi/abs/10.1137/1.9780898717761},
eprint = {https://epubs.siam.org/doi/pdf/10.1137/1.9780898717761}
}

@article{betancourt17,
  title={A Conceptual Introduction to Hamiltonian Monte Carlo},
  author={Michael Betancourt},
  journal={arXiv: Methodology},
  year={2017}
}
